<?xml version="1.0" encoding="UTF-8"?><collection xmlns="http://www.loc.gov/MARC21/slim"><record><leader>00413nam--2200157-i-4500</leader><controlfield tag="001">000020951</controlfield><controlfield tag="002">20161230</controlfield><controlfield tag="005">20161230201033</controlfield><controlfield tag="008">060222s1000------------r-----000-0-eng-d</controlfield><datafield ind1=" " ind2=" " tag="020"><subfield code="a">0943-853</subfield></datafield><datafield ind1=" " ind2=" " tag="080"><subfield code="a">512.745.2</subfield></datafield><datafield ind1=" " ind2=" " tag="100"><subfield code="a">Sturmfels, Bernd</subfield></datafield><datafield ind1=" " ind2=" " tag="245"><subfield code="a">Algoritms in invariant theory</subfield></datafield><datafield ind1=" " ind2=" " tag="260"><subfield code="a">Vien, Springer-verlag, 1993. 197 P</subfield></datafield><datafield ind1=" " ind2=" " tag="490"><subfield code="a">Text And Monographs In Symbolic Compustation</subfield></datafield><datafield ind1=" " ind2=" " tag="852"><subfield code="a">80298</subfield></datafield></record></collection>